<record><leader>00000cas a2200000 a 4500</leader><controlfield tag="001">10435293</controlfield><controlfield tag="008">840220d1885188uksudr ne      0   a0eng d</controlfield><datafield ind1=" " ind2=" " tag="010"><subfield code="a">sn 84029106 </subfield></datafield><datafield ind1=" " ind2=" " tag="040"><subfield code="a">KSH</subfield><subfield code="b">eng</subfield><subfield code="c">KSH</subfield><subfield code="d">NPT</subfield><subfield code="d">OCL</subfield><subfield code="d">OCLCQ</subfield></datafield><datafield ind1=" " ind2=" " tag="042"><subfield code="a">msc</subfield></datafield><datafield ind1=" " ind2=" " tag="043"><subfield code="a">n-us-ks</subfield></datafield><datafield ind1="0" ind2="0" tag="245"><subfield code="a">Daily tribune-news.</subfield></datafield><datafield ind1=" " ind2=" " tag="260"><subfield code="a">Winfield, Kan. :</subfield><subfield code="b">Cowley News Co.,</subfield><subfield code="c">1885-</subfield></datafield><datafield ind1=" " ind2=" " tag="300"><subfield code="a">v. ;</subfield><subfield code="c">40 cm.</subfield></datafield><datafield ind1=" " ind2=" " tag="310"><subfield code="a">Daily (except Sun.)</subfield></datafield><datafield ind1="0" ind2=" " tag="362"><subfield code="a">Vol. 1, no. 73 (May 2, 1885)-</subfield></datafield><datafield ind1="1" ind2=" " tag="362"><subfield code="a">Ceased in 1885?</subfield></datafield><datafield ind1=" " ind2=" " tag="580"><subfield code="a">Formed by the union of: Winfield tribune (non-extant), and: Winfield daily news.</subfield></datafield><datafield ind1=" " ind2=" " tag="752"><subfield code="a">United States</subfield><subfield code="b">Kansas</subfield><subfield code="c">Cowley</subfield><subfield code="d">Winfield.</subfield></datafield><datafield ind1="1" ind2="4" tag="780"><subfield code="t">Winfield tribune</subfield></datafield><datafield ind1="1" ind2="4" tag="780"><subfield code="t">Winfield daily news</subfield><subfield code="w">(DLC)sn 84029102</subfield></datafield></record>